<?xml version="1.0"?>
<record xmlns="http://www.loc.gov/MARC21/slim">
  <leader>02103cjm a2200529Ii 4500</leader>
  <controlfield tag="001">a10763721</controlfield>
  <controlfield tag="003">SIRSI</controlfield>
  <controlfield tag="005">20151013003002.0</controlfield>
  <controlfield tag="007">sq zmnznnmznnb</controlfield>
  <controlfield tag="008">150325r19uu1905gw bdnn           n zxx d</controlfield>
  <datafield ind1=" " ind2=" " tag="040">
    <subfield code="a">STF</subfield>
    <subfield code="b">eng</subfield>
    <subfield code="e">rda</subfield>
    <subfield code="c">STF</subfield>
  </datafield>
  <datafield ind1="0" ind2="2" tag="028">
    <subfield code="a">367</subfield>
    <subfield code="b">Welte-Mignon</subfield>
  </datafield>
  <datafield ind1="0" ind2="0" tag="033">
    <subfield code="a">19050402</subfield>
  </datafield>
  <datafield ind1=" " ind2=" " tag="035">
    <subfield code="a">(OCoLC)905629402</subfield>
  </datafield>
  <datafield ind1=" " ind2=" " tag="049">
    <subfield code="a">STFA</subfield>
  </datafield>
  <datafield ind1="1" ind2=" " tag="100">
    <subfield code="a">Chopin, Fr&#xE9;d&#xE9;ric,</subfield>
    <subfield code="d">1810-1849,</subfield>
    <subfield code="e">composer.</subfield>
    <subfield code=" ">^A1540056</subfield>
  </datafield>
  <datafield ind1="1" ind2="0" tag="240">
    <subfield code="a">Ballades,</subfield>
    <subfield code="m">piano,</subfield>
    <subfield code="n">no. 1, op. 23,</subfield>
    <subfield code="r">G minor</subfield>
    <subfield code=" ">^A1540056</subfield>
  </datafield>
  <datafield ind1="1" ind2="0" tag="245">
    <subfield code="a">Ballade g-Moll, op. 23 /</subfield>
    <subfield code="c">Fr. Chopin.</subfield>
  </datafield>
  <datafield ind1=" " ind2="1" tag="264">
    <subfield code="a">[Freiburg im Breisgau, Germany] :</subfield>
    <subfield code="b">Welte-Mignon,</subfield>
    <subfield code="c">[between 1922 and 1932]</subfield>
  </datafield>
  <datafield ind1=" " ind2=" " tag="300">
    <subfield code="a">1 audio roll ;</subfield>
    <subfield code="c">12 3/8 in. x 3 1/8 in.</subfield>
  </datafield>
  <datafield ind1=" " ind2=" " tag="336">
    <subfield code="a">performed music</subfield>
    <subfield code="2">rdacontent</subfield>
  </datafield>
  <datafield ind1=" " ind2=" " tag="337">
    <subfield code="a">audio</subfield>
    <subfield code="2">rdamedia</subfield>
  </datafield>
  <datafield ind1=" " ind2=" " tag="338">
    <subfield code="a">audio roll</subfield>
    <subfield code="2">rdacarrier</subfield>
  </datafield>
  <datafield ind1=" " ind2=" " tag="344">
    <subfield code="a">analog</subfield>
    <subfield code="b">mechanical</subfield>
  </datafield>
  <datafield ind1="0" ind2="1" tag="382">
    <subfield code="a">piano</subfield>
    <subfield code="n">1</subfield>
    <subfield code="s">1</subfield>
    <subfield code="2">lcmpt</subfield>
  </datafield>
  <datafield ind1=" " ind2=" " tag="500">
    <subfield code="a">Title from roll.</subfield>
  </datafield>
  <datafield ind1="0" ind2=" " tag="511">
    <subfield code="a">Teresa Carre&#xF1;o, piano.</subfield>
  </datafield>
  <datafield ind1=" " ind2=" " tag="518">
    <subfield code="o">Recorded</subfield>
    <subfield code="d">1905 April 2.</subfield>
  </datafield>
  <datafield ind1=" " ind2=" " tag="500">
    <subfield code="a">Welte-Mignon green roll (T-98).</subfield>
  </datafield>
  <datafield ind1=" " ind2=" " tag="500">
    <subfield code="a">Originally released as a Welte-Mignon red roll, number 367, issued in 1905.</subfield>
  </datafield>
  <datafield ind1="4" ind2=" " tag="510">
    <subfield code="a">Smith, Charles Davis &amp; Richard J. Howe. The Welte-Mignon, 1994,</subfield>
    <subfield code="c">page 175.</subfield>
  </datafield>
  <datafield ind1="4" ind2=" " tag="510">
    <subfield code="a">Stitsky, Larry. The classical reproducing piano roll, 1990,</subfield>
    <subfield code="c">page 702.</subfield>
  </datafield>
  <datafield ind1=" " ind2="0" tag="650">
    <subfield code="a">Ballades (Instrumental music)</subfield>
    <subfield code=" ">^A1091870</subfield>
  </datafield>
  <datafield ind1=" " ind2="0" tag="650">
    <subfield code="a">Piano music.</subfield>
    <subfield code=" ">^A1049172</subfield>
  </datafield>
  <datafield ind1=" " ind2="0" tag="650">
    <subfield code="a">Player piano rolls.</subfield>
    <subfield code=" ">^A1050086</subfield>
  </datafield>
  <datafield ind1=" " ind2="7" tag="655">
    <subfield code="a">Ballades (Instrumental music)</subfield>
    <subfield code="2">lcgft</subfield>
    <subfield code=" ">^A3344833</subfield>
  </datafield>
  <datafield ind1=" " ind2="7" tag="655">
    <subfield code="a">Reproducing piano rolls.</subfield>
    <subfield code="2">local</subfield>
    <subfield code=" ">UNAUTHORIZED</subfield>
  </datafield>
  <datafield ind1=" " ind2="4" tag="690">
    <subfield code="a">Denis Condon Collection of Reproducing Pianos and Rolls.</subfield>
  </datafield>
  <datafield ind1="1" ind2=" " tag="700">
    <subfield code="a">Carre&#xF1;o, Teresa,</subfield>
    <subfield code="d">1853-1917,</subfield>
    <subfield code="e">instrumentalist.</subfield>
    <subfield code=" ">^A120190</subfield>
  </datafield>
  <datafield ind1="2" ind2=" " tag="710">
    <subfield code="a">Welte-Mignon Corporation,</subfield>
    <subfield code="e">publisher.</subfield>
    <subfield code=" ">^A627793</subfield>
  </datafield>
  <datafield ind1=" " ind2=" " tag="916">
    <subfield code="a">DATE CATALOGED</subfield>
    <subfield code="b">20150305</subfield>
  </datafield>
  <datafield ind1=" " ind2=" " tag="994">
    <subfield code="a">C0</subfield>
    <subfield code="b">STF</subfield>
  </datafield>
  <datafield ind1=" " ind2=" " tag="035">
    <subfield code="a">(OCoLC)905629402</subfield>
  </datafield>
  <datafield ind1=" " ind2=" " tag="035">
    <subfield code="a">(OCoLC)NEW</subfield>
  </datafield>
  <datafield ind1=" " ind2="4" tag="690">
    <subfield code="a">Denis Condon Collection of Reproducing Pianos and Rolls.</subfield>
  </datafield>
  <datafield ind1=" " ind2=" " tag="596">
    <subfield code="a">5</subfield>
  </datafield>
  <datafield ind1=" " ind2=" " tag="999">
    <subfield code="a">CONDON ROLL 108</subfield>
    <subfield code="w">ALPHANUM</subfield>
    <subfield code="c">1</subfield>
    <subfield code="i">36105225781090</subfield>
    <subfield code="d">8/13/2015</subfield>
    <subfield code="e">6/16/2015</subfield>
    <subfield code="l">LOCKED-STK</subfield>
    <subfield code="m">ARS</subfield>
    <subfield code="n">1</subfield>
    <subfield code="r">N</subfield>
    <subfield code="s">Y</subfield>
    <subfield code="t">LCKSTK</subfield>
    <subfield code="u">3/19/2015</subfield>
  </datafield>
</record>
